@book{R2N2,
  title={},
  author={Persson, Slottje, Shaw},
  url="http://cs230.stanford.edu/files_winter_2018/projects/6940331.pdf",
  year={2018}
}

@misc{1_website,
    author    = "Persson, Slottje, Shaw",
    title     = "Hybrid Autoregressive Recurrent Neural Network Architecture for Algorithmic Trading of Cryptocurrencies",
    url       = "http://cs230.stanford.edu/files_winter_2018/projects/6940331.pdf"
}

@misc{2_website,
    author    = "Jiang, Zhang",
    title     = "Exploration of predicting power of ARIMA..",
    url       = "http://cs230.stanford.edu/projects_fall_2018/reports/12444910.pdf"
}

@misc{3_website,
    author    = "Kaur",
    title     = "Quantitative Trading Strategies using Deep Learning, Pairs Trading",
    url       = "http://cs230.stanford.edu/projects_fall_2018/reports/12446738.pdf"
}

@misc{4_website,
    author    = "Lilian Wang",
    title     = "Predict stock market prices using RNN model with multilayer LSTM cells + optional multi-stock embeddings",
    url       = "https://github.com/lilianweng/stock-rnn"
}

